@inproceedings{roberts2007state,
  title={State of the art: Coordinated \& multiple views in exploratory visualization},
  author={Roberts, Jonathan C},
  booktitle={Fifth International Conference on Coordinated and Multiple Views in Exploratory Visualization (CMV 2007)},
  pages={61--71},
  year={2007},
  organization={IEEE}
}

@inproceedings{gregory2006user,
	title={User-directed sentiment analysis: Visualizing the affective content of documents},
	author={Gregory, Michelle L and Chinchor, Nancy and Whitney, Paul and Carter, Richard and Hetzler, Elizabeth and Turner, Alan},
	booktitle={Proceedings of the Workshop on Sentiment and Subjectivity in Text},
	pages={23--30},
	year={2006},
	organization={Association for Computational Linguistics}
}

@incollection{brodlie2012review,
	title={A review of uncertainty in data visualization},
	author={Brodlie, Ken and Osorio, Rodolfo Allendes and Lopes, Adriano},
	booktitle={Expanding the frontiers of visual analytics and visualization},
	pages={81--109},
	year={2012},
	publisher={Springer}
}

@article{yi2007toward,
	title={Toward a deeper understanding of the role of interaction in information visualization},
	author={Yi, Ji Soo and ah Kang, Youn and Stasko, John},
	journal={IEEE transactions on visualization and computer graphics},
	volume={13},
	number={6},
	pages={1224--1231},
	year={2007},
	publisher={IEEE}
}


@article{holten2006hierarchical,
	title={Hierarchical edge bundles: Visualization of adjacency relations in hierarchical data},
	author={Holten, Danny},
	journal={IEEE Transactions on visualization and computer graphics},
	volume={12},
	number={5},
	pages={741--748},
	year={2006},
	publisher={IEEE}
}

@inproceedings{hao2011visual,
	title={Visual sentiment analysis on twitter data streams},
	author={Hao, Ming and Rohrdantz, Christian and Janetzko, Halld{\'o}r and Dayal, Umeshwar and Keim, Daniel A and Haug, Lars-Erik and Hsu, Mei-Chun},
	booktitle={2011 IEEE Conference on Visual Analytics Science and Technology (VAST)},
	pages={277--278},
	year={2011},
	organization={IEEE}
}

@article{henry2007nodetrix,
	title={NodeTrix: a hybrid visualization of social networks},
	author={Henry, Nathalie and Fekete, Jean-Daniel and McGuffin, Michael J},
	journal={IEEE transactions on visualization and computer graphics},
	volume={13},
	number={6},
	pages={1302--1309},
	year={2007},
	publisher={IEEE}
}

@inproceedings{harper2014deconstructing,
	title={Deconstructing and restyling D3 visualizations},
	author={Harper, Jonathan and Agrawala, Maneesh},
	booktitle={Proceedings of the 27th annual ACM symposium on User interface software and technology},
	pages={253--262},
	year={2014},
	organization={ACM}
}

@article{de2003visual,
	title={From visual data exploration to visual data mining: a survey},
	author={De Oliveira, MC Ferreira and Levkowitz, Haim},
	journal={IEEE Transactions on Visualization and Computer Graphics},
	volume={9},
	number={3},
	pages={378--394},
	year={2003},
	publisher={IEEE}
}

@article{hao2013visual,
	title={Visual sentiment analysis of customer feedback streams using geo-temporal term associations},
	author={Hao, Ming C and Rohrdantz, Christian and Janetzko, Halldor and Keim, Daniel A and Dayal, Umeshwar and Haug, Lars Erik and Hsu, Meichun and Stoffel, Florian},
	journal={Information Visualization},
	volume={12},
	number={3-4},
	pages={273--290},
	year={2013},
	publisher={Sage Publications Sage UK: London, England}
}

@incollection{brodlie2012review,
	title={A review of uncertainty in data visualization},
	author={Brodlie, Ken and Osorio, Rodolfo Allendes and Lopes, Adriano},
	booktitle={Expanding the frontiers of visual analytics and visualization},
	pages={81--109},
	year={2012},
	publisher={Springer}
}

@inproceedings{gregory2006user,
	title={User-directed sentiment analysis: Visualizing the affective content of documents},
	author={Gregory, Michelle L and Chinchor, Nancy and Whitney, Paul and Carter, Richard and Hetzler, Elizabeth and Turner, Alan},
	booktitle={Proceedings of the Workshop on Sentiment and Subjectivity in Text},
	pages={23--30},
	year={2006},
	organization={Association for Computational Linguistics}
}

@article{heiberger2014design,
	title={Design of diverging stacked bar charts for Likert scales and other applications},
	author={Heiberger, Richard M and Robbins, Naomi B and others},
	journal={Journal of Statistical Software},
	volume={57},
	number={5},
	pages={1--32},
	year={2014},
	publisher={Foundation for Open Access Statistics}
}

@inproceedings{buja1991interactive,
	title={Interactive data visualization using focusing and linking},
	author={Buja, Andreas and McDonald, John Alan and Michalak, John and Stuetzle, Werner},
	booktitle={Proceeding Visualization'91},
	pages={156--163},
	year={1991},
	organization={IEEE}
}

@article{keim2013big,
	title={Big-data visualization},
	author={Keim, Daniel and Qu, Huamin and Ma, Kwan-Liu},
	journal={IEEE Computer Graphics and Applications},
	volume={33},
	number={4},
	pages={20--21},
	year={2013},
	publisher={IEEE}
}

@inproceedings{boicea2012mongodb,
	title={MongoDB vs Oracle--database comparison},
	author={Boicea, Alexandru and Radulescu, Florin and Agapin, Laura Ioana},
	booktitle={2012 third international conference on emerging intelligent data and web technologies},
	pages={330--335},
	year={2012},
	organization={IEEE}
}

@inproceedings{jackson2010performance,
	title={Performance analysis of high performance computing applications on the amazon web services cloud},
	author={Jackson, Keith R and Ramakrishnan, Lavanya and Muriki, Krishna and Canon, Shane and Cholia, Shreyas and Shalf, John and Wasserman, Harvey J and Wright, Nicholas J},
	booktitle={2010 IEEE second international conference on cloud computing technology and science},
	pages={159--168},
	year={2010},
	organization={IEEE}
}

@inproceedings{heimerl2014word,
	title={Word cloud explorer: Text analytics based on word clouds},
	author={Heimerl, Florian and Lohmann, Steffen and Lange, Simon and Ertl, Thomas},
	booktitle={2014 47th Hawaii International Conference on System Sciences},
	pages={1833--1842},
	year={2014},
	organization={IEEE}
}

@book{miner2012practical,
	title={Practical text mining and statistical analysis for non-structured text data applications},
	author={Miner, Gary and Elder IV, John and Fast, Andrew and Hill, Thomas and Nisbet, Robert and Delen, Dursun},
	year={2012},
	publisher={Academic Press}
}








